@book{advGI,
	author = {Philip Dutre and Philippe Bekaert and Kavita Bala},
	year = 2016,
	title = {Advanced Global Illumination, 2nd Edition},
	publisher = {CRC Press},
	note = {ISBN: 9781498785624}
}

@book{basicsCG,
	author = {Peter Shirley and Steve Marschner and Michael Ashikhmin},
	year = 2005,
	title = {Fundamentals of Computer Graphics, 2nd Edition},
	publisher = {A K Peters},
	note = {ISBN-13: 978-1568812694}
}

@article{ONBrevisited,
	author = {Tom Duff and James Burgess and Per Christensen and Christophe Hery and Andrew Kensler and Max Liani and Ryusuke Villemin},
	year = 2017,
	title = {Building an Orthonormal Basis, Revisited},
	publisher = {Journal of Computer Graphics Techniques},
	url = {https://jcgt.org/published/0006/01/01/paper-lowres.pdf},
	note = {jcgt.org}
}

@article{lafortune,
	author = {Eric P. Lafortune and Yves D. Willems},
	year = 1994,
	title = {Using the Modified Phong brdf for Physically Based Rendering},
	publisher = {Dept. Comp. Sci., K.U. Leuven},
	note = {Technical Report CW197}
}

@online{weekend,
  author = {Peter Shirley},
  title = {Ray Tracing in One Weekend},
  year = 2020,
  url = {https://raytracing.github.io/},
  urldate = {2022-09-15}
}

@online{kensler,
  author = {Andrew Kensler and Peter Shirley},
  title = {New simple ray-box test from Andrew Kensler},
  year = 2016,
  url = {http://psgraphics.blogspot.com/2016/02/new-simple-ray-box-test-from-andrew.html},
  urldate = {2022-09-15}
}